<?xml version="1.0" encoding="UTF-8"?><collection><record><leader>07714ntm a2200541 a 4500</leader><controlfield tag="001">006834110</controlfield><controlfield tag="003">MiAaHDL</controlfield><controlfield tag="005">20190719000000.0</controlfield><controlfield tag="006">m        d        </controlfield><controlfield tag="007">cr bn ---auaua</controlfield><controlfield tag="008">090706s1629    ir            00| ||ara d</controlfield><datafield tag="035" ind1=" " ind2=" "><subfield code="a">(MiU)006834110</subfield></datafield><datafield tag="035" ind1=" " ind2=" "><subfield code="a">sdr-miu006834110</subfield></datafield><datafield tag="040" ind1=" " ind2=" "><subfield code="a">MiU</subfield><subfield code="c">MiU</subfield><subfield code="e">amremm</subfield></datafield><datafield tag="043" ind1=" " ind2=" "><subfield code="a">n-us-mi</subfield></datafield><datafield tag="100" ind1="1" ind2=" "><subfield code="6">880-01</subfield><subfield code="a">Ibn al-Muṭahhar al-Ḥillī, al-Ḥasan ibn Yūsuf,</subfield><subfield code="d">1250-1325.</subfield></datafield><datafield tag="240" ind1="1" ind2="0"><subfield code="6">880-02</subfield><subfield code="a">Mukhtalaf al-Shīʻah fī aḥkām al-sharīʻah.</subfield><subfield code="n">juzʼ 5-7</subfield></datafield><datafield tag="245" ind1="1" ind2="3"><subfield code="6">880-03</subfield><subfield code="a">[al-Juzʼ al-khāmis ilá al-sābiʻ min kitāb Mukhtalaf al-Shīʻah fī aḥkām al-sharīʻah,</subfield><subfield code="f">1039, i.e. 1629].</subfield></datafield><datafield tag="260" ind1=" " ind2=" "><subfield code="a">[Iṣfahān,</subfield><subfield code="c">1629].</subfield></datafield><datafield tag="300" ind1=" " ind2=" "><subfield code="a">335 leaves :</subfield><subfield code="b">paper ;</subfield><subfield code="c">256 x 195 (180 x 130) mm. bound to 256 x 205 mm.</subfield></datafield><datafield tag="500" ind1=" " ind2=" "><subfield code="a">Shelfmark: Ann Arbor, University of Michigan, Special Collections Library, Isl. Ms. 1011</subfield></datafield><datafield tag="500" ind1=" " ind2=" "><subfield code="a">Origin: As appears in final colophon on fol.335b, copied by ʻAlī ibn Muḥammad ibn Ḥasan al-Khūrāsgānī [?] (علی بن محمد بن حسن الخوراسگانی) with transcription finished ("faragha taḥrīr hādhā al-kitāb...") on Monday 14th Rabīʻ II 1039 [ca. 1 December 1629]. Composition finished in Dhū al-Qaʻdah 708.</subfield></datafield><datafield tag="500" ind1=" " ind2=" "><subfield code="a">Former shelfmark: Mich. Isl. Ms. temp. no. 160</subfield></datafield><datafield tag="500" ind1=" " ind2=" "><subfield code="a">Accompanying materials: Long strip on blue tinted laid paper (single chain lines spaced 28 mm. apart; laid lines spaced roughly 8 laid lines per cm.) inserted between fol.216b-217a (p.432-33); bears statement of purchase/sale [?] dated Rajab 1240 [i.e. February-March 1825] in Persian along with seal impression.</subfield></datafield><datafield tag="500" ind1=" " ind2=" "><subfield code="a">Binding: Pasteboards covered in dark red-brown leather (goatskin); Type II (with flap); upper and lower covered bear simple border consisting of a frame of s-shaped stamps laid end to end (rather than interlocking) flanked by gold painted fillets; envelope flap bears simple border of gold painted fillets on envelope; doublures of soft grey-brown leather (very dirty); in fair condition, though upper board is delaminating and upper board cover is beginning to detach from spine.</subfield></datafield><datafield tag="500" ind1=" " ind2=" "><subfield code="a">Support: non-European (very likely Persian) laid paper with laid lines running vertically (roughly 7 laid lines per cm.) and sagging in some leaves, chain lines occasionally visible and running horizontally, but too difficult to see and measure; many inclusions; one side more highly burnished than the other; marks of burnisher's tool occasionally visible; page repairs (for a few leaves only) are supplied in a different laid paper (11 laid lines per cm.) with some minor loss of text.</subfield></datafield><datafield tag="500" ind1=" " ind2=" "><subfield code="a">Decoration: Text partially rubricated with section headings and markers such as مسئلة in red; lacking in latter part of text (final ten quires, see fol.257a/p.513) with blanks left where rubrics have gone unsupplied.</subfield></datafield><datafield tag="500" ind1=" " ind2=" "><subfield code="a">Script: Naskh; Persianate hand; occasional right-sloping serifs on free standing alif and lām of definite article, left sloping serifs on lām of lām alif ligature; mostly closed counters; kāf mashkūlah preferred; a few marginal corrections and glosses in nastaʻlīq; inscription on on inserted slip in shikastah.</subfield></datafield><datafield tag="500" ind1=" " ind2=" "><subfield code="a">Layout: Written in 23 lines per page; frame-ruled (impression of ruling board evident).</subfield></datafield><datafield tag="500" ind1=" " ind2=" "><subfield code="a">Collation: 41 IV (328), IV-1 (335); exclusively quaternions (including anomalous quaternion); catchwords present; blanks left for unsupplied rubrics in last fifteen quires; leaves left partially blank and unmarked between the azjāʼ (juzʼ 5-6 and juzʼ 6-7); pagination in pencil, Western numerals supplied in cataloguing.</subfield></datafield><datafield tag="500" ind1=" " ind2=" "><subfield code="a">Colophon: "Scribal," triangular, reads: "..رغ تحرير هذا الكتاب المسمى بمختلف الشيعة في احكام الشريعة [من اوله] الى اخره على يد الفقير المذنب المحتاج الى رحمة الله الملك العزيز العلام جل جلاله علي بن محمد بن حسن الخوراسكانى [؟] چى ... اصفهان عراقعجم في يوم الاثنين رابع عشر من شهر ربيع الثاني سنة تسع وثلاثين بعد الف من الهجرة تم تم تم"</subfield></datafield><datafield tag="500" ind1=" " ind2=" "><subfield code="a">Explicit: "وقد روى اصحابنا ان الساحر يقتل والوجه في هذه الرواية ان هذا من الساحر فساد في الارض والسعي فلذلك وجب فيه القتل والوجه ان نقول [ان كان؟] للسحر حقيقة يصح باعتبارها التاثير وجب القود [؟] والافلا و[وليكن هذا؟] اخر ما اوردنا اثباته في هذا الكتاب مقتصرين عليه حامدين لله تعالى على الائمة [؟] شاكرين على فواضل نعماته مصلين على سيد انبيائه محمد المصطفى وعلى المعصومين من ابنائه فرغت من تسويده خامس عشر [؟] شهر ذي القعده من سنة ثمان ووسبعمائة والحمد لله وحده وصلى الله على سيد المرسلين محمد النبي واله الطاهرين وكتبه العبد [الفقير الى؟] الله تعالى حسن بن يوسف بن مطهر المصنف والحمد لله وحده"</subfield></datafield><datafield tag="500" ind1=" " ind2=" "><subfield code="a">Incipit: "الفصل الرابع في العيوب والتدليس مسئلة قال الشيخ في الخلاف والمبسوط الرجل يفسخ بستة اشياء الجنون والجذام والبرص والرتق والقرن والافضاء ..."</subfield></datafield><datafield tag="500" ind1=" " ind2=" "><subfield code="a">Title supplied by cataloguer.</subfield></datafield><datafield tag="500" ind1=" " ind2=" "><subfield code="a">Ms. codex.</subfield></datafield><datafield tag="510" ind1="4" ind2=" "><subfield code="a">Brockelmann, C. GAL,</subfield><subfield code="c">SII 207-209 no.37</subfield></datafield><datafield tag="520" ind1="8" ind2=" "><subfield code="a">The final part (juzʼ 6 through juzʼ 7) of ʻAllāmah-i Ḥillī's work on interpretation and practice of Islamic law according to the Shīʻī Ithná ʻasharī school.</subfield></datafield><datafield tag="538" ind1=" " ind2=" "><subfield code="a">Mode of access: Internet.</subfield></datafield><datafield tag="541" ind1=" " ind2=" "><subfield code="c">Purchase;</subfield><subfield code="a">Purchased in Egypt by Mr. Sulaiman;</subfield><subfield code="d">Received: 10/17/1968;</subfield><subfield code="e">(Sulaiman 690713-156)</subfield></datafield><datafield tag="546" ind1=" " ind2=" "><subfield code="a">Arabic.</subfield></datafield><datafield tag="561" ind1=" " ind2=" "><subfield code="a">Several owners' marks throughout; partially obliterated ownership statement and oval seal impression in black ink on fol.1a; fully obliterated oval seal impression and inscription on fol.1a; two distinct oval seal impressions in black ink on fol.1b, the larger reading: "قاسم بن محمد تقي [?]" and the smaller reading: "محمد ابن قاسم"; seal impression on fol.335b reading: "عمر بن حسين بن محمد علي [؟] ...؟"; at least two different very small circular/oval seal impressions are found repeated in the lower outer corner of several leaves of the last fifteen quires, in many cases partially cut off or illegible (see fol.226b/p.452 and fol.285b/p.570); book prices in pencil on fol.1a; very few marginal corrections (some in hand of copyist, others in a different hand and script more approaching nastaʻlīq) and glosses.</subfield></datafield><datafield tag="650" ind1=" " ind2="0"><subfield code="a">Manuscripts, Arabic</subfield><subfield code="z">Michigan</subfield><subfield code="z">Ann Arbor.</subfield></datafield><datafield tag="650" ind1=" " ind2="0"><subfield code="a">Shiites</subfield><subfield code="v">Early works to 1800.</subfield></datafield><datafield tag="650" ind1=" " ind2="0"><subfield code="a">Shīʻah</subfield><subfield code="v">Early works to 1800.</subfield></datafield><datafield tag="650" ind1=" " ind2="0"><subfield code="a">Islamic law</subfield><subfield code="x">Interpretation and construction</subfield><subfield code="v">Early works to 1800.</subfield></datafield><datafield tag="700" ind1="0" ind2=" "><subfield code="6">880-05</subfield><subfield code="a">ʻAlī ibn Muḥammad ibn Ḥasan al-Khūrāsgānī,</subfield><subfield code="d">flourished 1629,</subfield><subfield code="e">scribe.</subfield></datafield><datafield tag="773" ind1="0" ind2=" "><subfield code="a">Sulaiman Purchase Collection.</subfield></datafield><datafield tag="880" ind1="0" ind2=" "><subfield code="6">700-05/</subfield><subfield code="a">علي بن محمد بن حسن الخوراسكانى،</subfield><subfield code="e">ناسخ.</subfield></datafield><datafield tag="880" ind1="1" ind2="2"><subfield code="6">245-03/</subfield><subfield code="a">[الجزء الخامس الى السابع من كتاب مختلف الشيعة في احكام الشريعة,</subfield><subfield code="f">1039ه، 1629م].</subfield></datafield><datafield tag="880" ind1="1" ind2="0"><subfield code="6">240-02/</subfield><subfield code="a">مختلف الشيعة في احكام الشريعة.</subfield><subfield code="n">جزء 5-7</subfield></datafield><datafield tag="880" ind1="1" ind2=" "><subfield code="6">100-01/</subfield><subfield code="a">ابن المطهر الحلي, الحسن بن يوسف.</subfield></datafield><datafield tag="CID" ind1=" " ind2=" "><subfield code="a">006834110</subfield></datafield><datafield tag="DAT" ind1="0" ind2=" "><subfield code="a">20190719102641.0</subfield><subfield code="b">20190719000000.0</subfield></datafield><datafield tag="DAT" ind1="1" ind2=" "><subfield code="a">20190719090653.0</subfield><subfield code="b">2019-07-19T16:12:31Z</subfield></datafield><datafield tag="DAT" ind1="2" ind2=" "><subfield code="a">2015-10-02T18:00:03Z</subfield></datafield><datafield tag="CAT" ind1=" " ind2=" "><subfield code="a">SDR-MIU</subfield><subfield code="d">EX LIBRIS - ALEPH</subfield><subfield code="l">prepare.pl-004-008</subfield></datafield><datafield tag="FMT" ind1=" " ind2=" "><subfield code="a">BK</subfield></datafield><datafield tag="HOL" ind1=" " ind2=" "><subfield code="0">sdr-miu006834110</subfield><subfield code="a">MiU</subfield><subfield code="b">SDR</subfield><subfield code="c">MIU</subfield><subfield code="p">mdp.39015079131952</subfield><subfield code="s">MIU</subfield><subfield code="1">006834110</subfield></datafield><datafield tag="974" ind1=" " ind2=" "><subfield code="b">MIU</subfield><subfield code="c">MIU</subfield><subfield code="d">20190719</subfield><subfield code="s">lit-dlps-dc</subfield><subfield code="u">mdp.39015079131952</subfield><subfield code="y">1629</subfield><subfield code="r">pd</subfield><subfield code="q">bib</subfield><subfield code="t">non-US bib date1 &lt; 1896</subfield></datafield></record></collection>